@article{predtraindelay,
    author = {Nair, Rahul and Hoang, Thanh Lam and Laumanns, Marco and Chen, Bei and Cogill, Randall and Szabó, Jácint and Walter, Thomas},
    title = {An ensemble prediction model for train delays},
    journal = {Transportation Research Part C: Emerging Technologies},
    year = {2019},
    doi = {https://doi.org/10.1016/j.trc.2019.04.026}
}

@inproceedings{largetrainnet,
    author = {Berger, Annabell and Gebhardt, Andreas and M\"{u}ller-Hannemann, Matthias and Ostrowski, Martin},
    title = {Stochastic delay prediction in large train networks},
    booktitle = {11th Workshop on Algorithmic Approaches for Transportation Modelling, Optimization, and Systems},
    year = {2011},
    doi = {https://doi.org/10.4230/OASIcs.ATMOS.2011.100}
}

@inproceedings{MLtraindel,
    author = {Hauck, Florian and Kliewer, Natalia},
    title = {Data analytics in railway operations: Using machine learning to predict train delays},
    booktitle = {Operations Research Proceedings 2019},
    year = {2020},
    publisher = {Springer International Publishing},
    editor = {Neufeld, Janis S. and Buscher, Udo and Lasch, Rainer and M{\"o}st, Dominik and Sch{\"o}nberger, J{\"o}rn},
    doi = {https://doi.org/10.1007/978-3-030-48439-2_90}
}

@article{centrality,
    author = {To, W.M.},
    title = {Centrality of an urban rail system},
    journal = {Urban Rail Transit},
    year = {2015},
    pages = {249--256},
    doi = {https://doi.org/10.1007/s40864-016-0031-3}
}

@article{betweenness,
    author = {Linton C. Freeman},
    title = {A set of measures of centrality based on betweenness},
    journal = {Sociometry},
    year = {1977},
    pages = {35--41},
    publisher = {[American Sociological Association, Sage Publications, Inc.]},
    volume = {40},
    doi = {https://doi.org/10.2307/3033543}
}

@article{generic_comp,
    title = {On variants of shortest-path betweenness centrality and their generic computation},
    journal = {Social Networks},
    volume = {30},
    number = {2},
    pages = {136-145},
    year = {2008},
    issn = {0378-8733},
    doi = {https://doi.org/10.1016/j.socnet.2007.11.001},
    author = {Ulrik Brandes},
}
